@article{McGeer01041990,
  author = {McGeer, Tad}, 
  title = {\href{http://ijr.sagepub.com/content/9/2/62.abstract}{Passive Dynamic Walking}}, 
  volume = {9}, 
  number = {2}, 
  pages = {62-82}, 
  year = {1990}, 
  doi = {10.1177/027836499000900206}, 
  URL = {http://ijr.sagepub.com/content/9/2/62.abstract}, 
  eprint = {http://ijr.sagepub.com/content/9/2/62.full.pdf+html}, 
  journal = {The International Journal of Robotics Research}
}

@article{kalman1960new,
  title={A new approach to linear filtering and prediction problems},
  author={Kalman, R.E.},
  journal={Journal of Basic Engineering},
  volume={82},
  number={1},
  pages={35--45},
  year={1960},
  publisher={Citeseer}
}

@book{Mason,
 author = {Mason, Matthew T.},
 title = {Mechanics of Robotic Manipulation},
 year = {2001},
 isbn = {0-262-13396-2},
 publisher = {MIT Press},
 address = {Cambridge, MA, USA},
} 
@book{Rockafellar,
  title={Variational Analysis},
  author={Rockafellar, R Tyrrell and Wets, Roger J-B},
  volume={317},
  year={2009},
  publisher={Springer Science \& Business Media}
}
@phdthesis{Mason1982,
 author = {Mason, Matthew T},
 title = {Manipulator Grasping and Pushing Operations},
 year = {1982},
 source = {http://www.ncstrl.org:8900/ncstrl/servlet/search?formname=detail\&id=oai%3Ancstrlh%3Amitai%3AMIT-AILab%2F%2FAITR-690},
 publisher = {Massachusetts Institute of Technology},
 address = {Cambridge, MA, USA},
} 
@article{hiriart1985images,
  title={Images of connected sets by semicontinuous multifunctions},
  author={Hiriart-Urruty, J-B},
  journal={Journal of Mathematical Analysis and Applications},
  volume={111},
  number={2},
  pages={407--422},
  year={1985},
  publisher={Elsevier}
}
@article{alexander1993bounds,
  title={Bounds on the friction-dominated motion of a pushed object},
  author={Alexander, JC and Maddocks, JH},
  journal={The International Journal of Robotics Research},
  volume={12},
  number={3},
  pages={231--248},
  year={1993},
  publisher={Sage Publications}
}
@article{peshkin1988motion,
  title={The motion of a pushed, sliding workpiece},
  author={Peshkin, Michael A and Sanderson, Arthur C},
  journal={IEEE Journal on Robotics and Automation},
  volume={4},
  number={6},
  pages={569--598},
  year={1988},
  publisher={IEEE}
}
@misc{gurobi,
   author = "Gurobi Optimization, Inc.",
   title = "Gurobi Optimizer Reference Manual",
   year = 2016,
   url = "http://www.gurobi.com"
}
@article{lynch1995pulling,
  title={Pulling by pushing, slip with infinite friction, and perfectly rough surfaces},
  author={Lynch, Kevin M and Mason, Matthew T},
  journal={The International journal of robotics research},
  volume={14},
  number={2},
  pages={174--183},
  year={1995},
  publisher={Sage Publications Sage CA: Thousand Oaks, CA}
}
@inproceedings{tassa2014control,
  title={Control-limited differential dynamic programming},
  author={Tassa, Yuval and Mansard, Nicolas and Todorov, Emo},
  booktitle={Robotics and Automation (ICRA), 2014 IEEE International Conference on},
  pages={1168--1175},
  year={2014},
  organization={IEEE}
}
@article{dubins1957curves,
  title={On curves of minimal length with a constraint on average curvature, and with prescribed initial and terminal positions and tangents},
  author={Dubins, Lester E},
  journal={American Journal of mathematics},
  volume={79},
  number={3},
  pages={497--516},
  year={1957},
  publisher={JSTOR}
}
@article{lavalle1999planning,
  title={Planning algorithms},
  author={LaValle, Steven M},
  journal={University of Illinois},
  volume={2004},
  year={1999},
  publisher={Citeseer}
}
@article{YuBFR16,
  author    = {Kuan{-}Ting Yu and
               Maria Bauz{\'{a}} and
               Nima Fazeli and
               Alberto Rodriguez},
  title     = {More than a Million Ways to Be Pushed: {A} High-Fidelity Experimental
               Data Set of Planar Pushing},
  journal   = {CoRR},
  volume    = {abs/1604.04038},
  year      = {2016},
  url       = {http://arxiv.org/abs/1604.04038},
  timestamp = {Mon, 02 May 2016 18:22:52 +0200},
  biburl    = {http://dblp.uni-trier.de/rec/bib/journals/corr/YuBFR16},
  bibsource = {dblp computer science bibliography, http://dblp.org}
}
@inproceedings{zhou2016convex,
  title={A convex polynomial force-motion model for planar sliding: Identification and application},
  author={Zhou, Jiaji and Paolini, Robert and Bagnell, J Andrew and Mason, Matthew T},
  booktitle={Robotics and Automation (ICRA), 2016 IEEE International Conference on},
  pages={372--377},
  year={2016},
  organization={IEEE}
}
@article{howe1996practical,
  title={Practical force-motion models for sliding manipulation},
  author={Howe, Robert D and Cutkosky, Mark R},
  journal={The International Journal of Robotics Research},
  volume={15},
  number={6},
  pages={557--572},
  year={1996},
  publisher={Sage Publications Sage CA: Thousand Oaks, CA}
}
@article{goyal1991planar,
  title={Planar sliding with dry friction part 1. limit surface and moment function},
  author={Goyal, Suresh and Ruina, Andy and Papadopoulos, Jim},
  journal={Wear},
  volume={143},
  number={2},
  pages={307--330},
  year={1991},
  publisher={Elsevier}
}
@article{mason1986,
  title={On the Scope of Quasi-Static Pushing},
  author={Mason, M. T.},
  journal={ISRR},
  year=1986,
  publisher={MIT Press}
}
@article{lynch1996stable,
author = {Kevin M. Lynch and Matthew T. Mason},
title = {Stable Pushing: Mechanics, Controllability, and Planning},
journal = {The International Journal of Robotics Research},
volume = {15},
number = {6},
pages = {533-556},
year = {1996},
doi = {10.1177/027836499601500602},
}
@book{Thrun2005,
 author = {Thrun, Sebastian and Burgard, Wolfram and Fox, Dieter},
 title = {Probabilistic Robotics (Intelligent Robotics and Autonomous Agents)},
 year = {2005},
 isbn = {0262201623},
 publisher = {The MIT Press},
} 
@inproceedings{Huang2015Bounds,
  title={Exact Bounds on the Contact Driven Motion of a Sliding Object, With Applications to Robotic Pulling},
  author={Eric Huang and Ankit Bhatia and Byron Boots and Matt Mason},
  booktitle={Robotics: Science and Systems},
  year={2017},
}
@inproceedings{berretty2001orienting,
  title={Orienting parts by inside-out pulling},
  author={Berretty, R-P and Goldberg, Ken and Overmars, Mark H and Van Der Stappen, A Frank},
  booktitle={IEEE International Conference on Robotics and Automation (ICRA)},
  volume={2},
  pages={1053--1058},
  year={2001},
  organization={IEEE}
}
@article{zhou17dubin,
    author  = "Zhou, Jiaji and Mason, Matthew T",
    journal = {Manuscript in submission},
    title   = "Pushing Revisited: Differential Flatness, Trajectory Planning and Stabilization",
    year    = "2017",
}
